<?xml version="1.0" encoding="UTF-8"?><record xmlns="http://www.loc.gov/MARC21/slim" xmlns:cinclude="http://apache.org/cocoon/include/1.0" xmlns:zs="http://www.loc.gov/zing/srw/">
  <leader>00720cz  a2200193n  4500</leader>
  <controlfield tag="001">n  92079180 </controlfield>
  <controlfield tag="003">DLC</controlfield>
  <controlfield tag="005">20100517080529.0</controlfield>
  <controlfield tag="008">920806n| acannaabn          |n ana      </controlfield>
  <datafield tag="010" ind1=" " ind2=" ">
    <subfield code="a">n  92079180 </subfield>
  </datafield>
  <datafield tag="034" ind1=" " ind2=" ">
    <subfield code="d">W0870509</subfield>
    <subfield code="e">W0870509</subfield>
    <subfield code="f">N0413858</subfield>
    <subfield code="g">N0413858</subfield>
    <subfield code="2">geonames</subfield>
  </datafield>
  <datafield tag="035" ind1=" " ind2=" ">
    <subfield code="a">(OCoLC)oca03217488</subfield>
  </datafield>
  <datafield tag="040" ind1=" " ind2=" ">
    <subfield code="a">DLC</subfield>
    <subfield code="b">eng</subfield>
    <subfield code="c">DLC</subfield>
    <subfield code="d">OCoLC</subfield>
  </datafield>
  <datafield tag="043" ind1=" " ind2=" ">
    <subfield code="a">n-us-in</subfield>
  </datafield>
  <datafield tag="151" ind1=" " ind2=" ">
    <subfield code="a">Dune Acres (Ind.)</subfield>
  </datafield>
  <datafield tag="670" ind1=" " ind2=" ">
    <subfield code="a">NUCMC data from Indiana University Northwest Library, Calumet Regional Archives for Newman, J.E. Papers, 1969-1982</subfield>
    <subfield code="b">(Dune Acres, Ind.)</subfield>
  </datafield>
  <datafield tag="670" ind1=" " ind2=" ">
    <subfield code="a">Rand McNally</subfield>
    <subfield code="b">(Dune Acres, Ind.; in Porter County)</subfield>
  </datafield>
  <datafield tag="670" ind1=" " ind2=" ">
    <subfield code="a">GeoNames, algorithmically matched, 2009</subfield>
    <subfield code="b">(ppl; 41°38ʹ58ʺN 087°05ʹ09ʺW)</subfield>
  </datafield>
  <datafield tag="781" ind1=" " ind2="0">
    <subfield code="z">Indiana</subfield>
    <subfield code="z">Dune Acres</subfield>
  </datafield>
</record>